@inproceedings{bell_yehuda_netflix_2007,
 author = {Bell, Robert M. and Koren, Yehuda},
 title = {Scalable Collaborative Filtering with Jointly Derived Neighborhood Interpolation Weights},
 booktitle = {Proceedings of the 2007 Seventh IEEE International Conference on Data Mining},
 series = {ICDM '07},
 year = {2007},
 isbn = {0-7695-3018-4},
 pages = {43--52},
 numpages = {10},
 url = {http://dx.doi.org/10.1109/ICDM.2007.90},
 doi = {10.1109/ICDM.2007.90},
 acmid = {1442050},
 publisher = {IEEE Computer Society},
 address = {Washington, DC, USA}
} 

@article{linden_amazon_2003,
 author = {Linden, Greg and Smith, Brent and York, Jeremy},
 title = {Amazon.Com Recommendations: Item-to-Item Collaborative Filtering},
 journal = {IEEE Internet Computing},
 issue_date = {January 2003},
 volume = {7},
 number = {1},
 month = jan,
 year = {2003},
 issn = {1089-7801},
 pages = {76--80},
 numpages = {5},
 url = {http://dx.doi.org/10.1109/MIC.2003.1167344},
 doi = {10.1109/MIC.2003.1167344},
 acmid = {642471},
 publisher = {IEEE Educational Activities Department},
 address = {Piscataway, NJ, USA}
} 

@inproceedings{sarwar_item_cf_2001,
 author = {Sarwar, Badrul and Karypis, George and Konstan, Joseph and Riedl, John},
 title = {Item-based Collaborative Filtering Recommendation Algorithms},
 booktitle = {Proceedings of the 10th International Conference on World Wide Web},
 series = {WWW '01},
 year = {2001},
 isbn = {1-58113-348-0},
 location = {Hong Kong, Hong Kong},
 pages = {285--295},
 numpages = {11},
 url = {http://doi.acm.org/10.1145/371920.372071},
 doi = {10.1145/371920.372071},
 acmid = {372071},
 publisher = {ACM},
 address = {New York, NY, USA},
} 


@misc{herbrich2015recommender,
  title={RECOMMENDER SYSTEM},
  author={Herbrich, Ralf and Graepel, Thore and Stern, David},
  year={2015},
  month=jan # "~8",
  note={US Patent 20,150,012,378}
}

@article{Koren:2009:MFT,
 author = {Koren, Yehuda and Bell, Robert and Volinsky, Chris},
 title = {Matrix Factorization Techniques for Recommender Systems},
 journal = {Computer},
 issue_date = {August 2009},
 volume = {42},
 number = {8},
 month = aug,
 year = {2009},
 issn = {0018-9162},
 pages = {30--37},
 numpages = {8},
 url = {http://dx.doi.org/10.1109/MC.2009.263},
 doi = {10.1109/MC.2009.263},
 acmid = {1608614},
 publisher = {IEEE Computer Society Press},
 address = {Los Alamitos, CA, USA},
 keywords = {Computational intelligence, Computational intelligence, Netflix Prize, Matrix factorization, Matrix factorization, Netflix Prize},
} 


@article{Rendle:2012:FML,
 author = {Rendle, Steffen},
 title = {Factorization Machines with libFM},
 journal = {ACM Trans. Intell. Syst. Technol.},
 issue_date = {May 2012},
 volume = {3},
 number = {3},
 month = may,
 year = {2012},
 issn = {2157-6904},
 pages = {57:1--57:22},
 articleno = {57},
 numpages = {22},
 url = {http://doi.acm.org/10.1145/2168752.2168771},
 doi = {10.1145/2168752.2168771},
 acmid = {2168771},
 publisher = {ACM},
 address = {New York, NY, USA},
 keywords = {Factorization model, collaborative filtering, factorization machine, matrix factorization, recommender system, tensor factorization},
} 

@article{Rashid:2008:LPN,
 author = {Rashid, Al Mamunur and Karypis, George and Riedl, John},
 title = {Learning Preferences of New Users in Recommender Systems: An Information Theoretic Approach},
 journal = {SIGKDD Explor. Newsl.},
 issue_date = {December 2008},
 volume = {10},
 number = {2},
 month = dec,
 year = {2008},
 issn = {1931-0145},
 pages = {90--100},
 numpages = {11},
 url = {http://doi.acm.org/10.1145/1540276.1540302},
 doi = {10.1145/1540276.1540302},
 acmid = {1540302},
 publisher = {ACM},
 address = {New York, NY, USA},
} 

@inproceedings{Zhou:2011:FMF,
 author = {Zhou, Ke and Yang, Shuang-Hong and Zha, Hongyuan},
 title = {Functional Matrix Factorizations for Cold-start Recommendation},
 booktitle = {Proceedings of the 34th International ACM SIGIR Conference on Research and Development in Information Retrieval},
 series = {SIGIR '11},
 year = {2011},
 isbn = {978-1-4503-0757-4},
 location = {Beijing, China},
 pages = {315--324},
 numpages = {10},
 url = {http://doi.acm.org/10.1145/2009916.2009961},
 doi = {10.1145/2009916.2009961},
 acmid = {2009961},
 publisher = {ACM},
 address = {New York, NY, USA},
 keywords = {cold-start problem, collaborative filtering, decision tree, functional matrix factorization, recommender systems},
} 

@inproceedings{Park:2009:PPR,
 author = {Park, Seung-Taek and Chu, Wei},
 title = {Pairwise Preference Regression for Cold-start Recommendation},
 booktitle = {Proceedings of the Third ACM Conference on Recommender Systems},
 series = {RecSys '09},
 year = {2009},
 isbn = {978-1-60558-435-5},
 location = {New York, New York, USA},
 pages = {21--28},
 numpages = {8},
 url = {http://doi.acm.org/10.1145/1639714.1639720},
 doi = {10.1145/1639714.1639720},
 acmid = {1639720},
 publisher = {ACM},
 address = {New York, NY, USA},
 keywords = {cold-start problems, normalized discounted cumulative gain, ranking, recommender system, user and item features},
} 

@inproceedings{Gunawardana:2009:UAB,
 author = {Gunawardana, Asela and Meek, Christopher},
 title = {A Unified Approach to Building Hybrid Recommender Systems},
 booktitle = {Proceedings of the Third ACM Conference on Recommender Systems},
 series = {RecSys '09},
 year = {2009},
 isbn = {978-1-60558-435-5},
 location = {New York, New York, USA},
 pages = {117--124},
 numpages = {8},
 url = {http://doi.acm.org/10.1145/1639714.1639735},
 doi = {10.1145/1639714.1639735},
 acmid = {1639735},
 publisher = {ACM},
 address = {New York, NY, USA},
 keywords = {boltzmann machines, cold start, collaborative filtering, content-based filtering, recommender systems},
} 

@article{Su:2009:SCF,
 author = {Su, Xiaoyuan and Khoshgoftaar, Taghi M.},
 title = {A Survey of Collaborative Filtering Techniques},
 journal = {Adv. in Artif. Intell.},
 issue_date = {January 2009},
 volume = {2009},
 month = jan,
 year = {2009},
 issn = {1687-7470},
 pages = {4:2--4:2},
 articleno = {4},
 numpages = {1},
 url = {http://dx.doi.org/10.1155/2009/421425},
 doi = {10.1155/2009/421425},
 acmid = {1722966},
 publisher = {Hindawi Publishing Corp.},
 address = {New York, NY, United States},
} 

@article{Adomavicius:2005:TNG,
 author = {Adomavicius, Gediminas and Tuzhilin, Alexander},
 title = {Toward the Next Generation of Recommender Systems: A Survey of the State-of-the-Art and Possible Extensions},
 journal = {IEEE Trans. on Knowl. and Data Eng.},
 issue_date = {June 2005},
 volume = {17},
 number = {6},
 month = jun,
 year = {2005},
 issn = {1041-4347},
 pages = {734--749},
 numpages = {16},
 url = {http://dx.doi.org/10.1109/TKDE.2005.99},
 doi = {10.1109/TKDE.2005.99},
 acmid = {1070751},
 publisher = {IEEE Educational Activities Department},
 address = {Piscataway, NJ, USA},
 keywords = {Index Terms- Recommender systems, Recommender systems, collaborative filtering, rating estimation methods, extensions to recommender systems., collaborative filtering, extensions to recommender systems., rating estimation methods},
} 

@article{Hofmann:2004:LSM,
 author = {Hofmann, Thomas},
 title = {Latent Semantic Models for Collaborative Filtering},
 journal = {ACM Trans. Inf. Syst.},
 issue_date = {January 2004},
 volume = {22},
 number = {1},
 month = jan,
 year = {2004},
 issn = {1046-8188},
 pages = {89--115},
 numpages = {27},
 url = {http://doi.acm.org/10.1145/963770.963774},
 doi = {10.1145/963770.963774},
 acmid = {963774},
 publisher = {ACM},
 address = {New York, NY, USA},
} 
