@article{curtiss1942,
author = "Curtiss, J. H.",
doi = "10.1214/aoms/1177731541",
fjournal = "The Annals of Mathematical Statistics",
journal = "Ann. Math. Statist.",
month = "12",
number = "4",
pages = "430--433",
publisher = "The Institute of Mathematical Statistics",
title = "A Note on the Theory of Moment Generating Functions",
url = "http://dx.doi.org/10.1214/aoms/1177731541",
volume = "13",
year = "1942"
}


@inproceedings{Liu:2010:UIC:1933307.1934597,
 author = {Liu, Yanchi and Li, Zhongmou and Xiong, Hui and Gao, Xuedong and Wu, Junjie},
 title = {Understanding of Internal Clustering Validation Measures},
 booktitle = {Proceedings of the 2010 IEEE International Conference on Data Mining},
 series = {ICDM '10},
 year = {2010},
 isbn = {978-0-7695-4256-0},
 pages = {911--916},
 numpages = {6},
 url = {http://dx.doi.org/10.1109/ICDM.2010.35},
 doi = {10.1109/ICDM.2010.35},
 acmid = {1934597},
 publisher = {IEEE Computer Society},
 address = {Washington, DC, USA},
} 


@article{kruskal_wallis:1952,
  added-at = {2009-11-12T16:21:13.000+0100},
  author = {Kruskal, WH and Wallis, WA},
  biburl = {http://www.bibsonomy.org/bibtex/2593c5c0a80b94d256ef901701642f500/fdiehl},
  date-added = {2009-09-28 20:48:45 +0200},
  date-modified = {2009-11-10 09:47:30 +0100},
  description = {bib-komplett},
  interhash = {438a6b55728b14861febcdc9b41da0e9},
  intrahash = {593c5c0a80b94d256ef901701642f500},
  journal = {Journal of the American Statistical Association},
  keywords = {imported},
  local-url = {file://localhost/Neurobio/Papers/12007817660249379419relatedW5LTtopWpKYJ.pdf},
  pages = {583--621},
  pmid = {12007817660249379419related:W5LTtopWpKYJ},
  rating = {0},
  timestamp = {2009-11-12T16:21:33.000+0100},
  title = {Use of ranks in one-criterion variance analysis},
  uri = {papers://7B65697B-E216-4648-8A41-C67830C0DC73/Paper/p45812},
  year = 1952
}



@article{Huang:1998,
 author = {Huang, Zhexue},
 title = {Extensions to the k-Means Algorithm for Clustering Large Data Sets with Categorical Values},
 journal = {Data Min. Knowl. Discov.},
 issue_date = {September 1998},
 volume = {2},
 number = {3},
 month = sep,
 year = {1998},
 issn = {1384-5810},
 pages = {283--304},
 numpages = {22},
 url = {http://dx.doi.org/10.1023/A:1009769707641},
 doi = {10.1023/A:1009769707641},
 acmid = {593469},
 publisher = {Kluwer Academic Publishers},
 address = {Hingham, MA, USA},
 keywords = {categorical data, cluster analysis, clustering algorithms, data mining},
} 


@INPROCEEDINGS{Huang97clusteringlarge,
    author = {Zhexue Huang},
    title = {Clustering large data sets with mixed numeric and categorical values},
    booktitle = {In The First Pacific-Asia Conference on Knowledge Discovery and Data Mining},
    year = {1997},
    pages = {21--34}
}


@book{hastie_element,
   title = "The elements of statistical learning : data mining, inference, and prediction",
   author = "Hastie, Trevor J. and Tibshirani, Robert John and Friedman, Jerome H.",
   series = "Springer series in statistics",
   publisher = "Springer",
   address = "New York",
   url = "http://opac.inria.fr/record=b1127878",
   isbn = "978-0-387-84857-0",
   note = "Autres impressions : 2011 (corr.), 2013 (7e corr.)",
   year = 2009
}


@ARTICLE{tibshirani_gap_statistics,
    author = {Robert Tibshirani and Guenther Walther and Trevor Hastie},
    title = {Estimating the number of clusters in a dataset via the Gap statistic},
    journal = {},
    year = {2000},
    volume = {63},
    pages = {411--423}
}

@phdthesis{vonLuxburg2004,
  author      = {Ulrike von Luxburg},
  title       = {Statistical Learning with Similarity and Dissimilarity Functions},
  year        = {2004},
  urn         = {urn:nbn:de:kobv:83-opus-8624},
}