@book{barber,
 author = {Barber, David},
 title = {Bayesian Reasoning and Machine Learning},
 year = {2012},
 isbn = {0521518148, 9780521518147},
 publisher = {Cambridge University Press},
 address = {New York, NY, USA},
} 

@book{schervish,
   title = "Theory of statistics",
   author = "Schervish, Mark J.",
   series = "Springer series in statistics",
   publisher = "Springer",
   address = "New York, Berlin, Heidelberg",
   url = "http://opac.inria.fr/record=b1121646",
   isbn = "0-387-94546-6",
   note = "Corrected second printing : 1997",
   year = 1995
}

@book{robert,
   title = "The Bayesian choice : from decision-theoretic foundations to computational implementation",
   author = "Robert, Christian P.",
   series = "Springer texts in statistics",
   publisher = "Springer",
   address = "New York",
   url = "http://opac.inria.fr/record=b1097199",
   isbn = "0-387-95231-4",
   note = "Trad. de : L' Analyse statistique bay√©sienne",
   year = 2001
}

@techreport{Yang98,
    author = {Yang, Ruoyong and Berger, James O.},
    citeulike-article-id = {7333564},
    keywords = {1998, bayesian, catalog, priors, reference},
    month = dec,
    posted-at = {2010-06-17 10:10:11},
    priority = {2},
    title = {{A Catalog of Noninformative Priors}},
    year = {1998}
}
