@article{Fader_2010_excel,
 author = {Fader, Peter S. and Hardie, Bruce G. S. and Shang, Jen},
 title = {Customer-Base Analysis in a Discrete-Time Noncontractual Setting},
 journal = {Marketing Science},
 issue_date = {November 2010},
 volume = {29},
 number = {6},
 month = nov,
 year = {2010},
 issn = {1526-548X},
 pages = {1086--1108},
 numpages = {23},
 url = {http://dx.doi.org/10.1287/mksc.1100.0580},
 doi = {10.1287/mksc.1100.0580},
 acmid = {1923818},
 publisher = {INFORMS},
 address = {Institute for Operations Research and the Management Sciences (INFORMS), Linthicum, Maryland, USA},
 keywords = {BG/BB, CLV, Pareto/NBD, RFM, beta-binomial, beta-geometric, customer lifetime value, customer-base analysis},
} 




@ARTICLE{2013arXiv1304.5380K,
   author = {{Karvanen}, J. and {Rantanen}, A. and {Luoma}, L.},
    title = "{Survey data and Bayesian analysis: a cost-efficient way to estimate customer equity}",
  journal = {ArXiv e-prints},
archivePrefix = "arXiv",
   eprint = {1304.5380},
 primaryClass = "stat.AP",
 keywords = {Statistics - Applications, Quantitative Finance - General Finance, 62N02, 62-07, 62F15, G.3, J.1},
     year = 2013,
    month = apr,
   adsurl = {http://adsabs.harvard.edu/abs/2013arXiv1304.5380K},
  adsnote = {Provided by the SAO/NASA Astrophysics Data System}
}


@article{schmittlein_1987,
 ISSN = {00251909, 15265501},
 URL = {http://www.jstor.org/stable/2631608},
 author = {David C. Schmittlein and Donald G. Morrison and Richard Colombo},
 journal = {Management Science},
 number = {1},
 pages = {1--24},
 publisher = {INFORMS},
 title = {Counting Your Customers: Who Are They and What Will They Do Next?},
 volume = {33},
 year = {1987}
}


@ARTICLE{r_clv,
   author = {Platzer, M.},
    title = "{Customer Base Analysis with BTYDplus}",
  journal = {R documentation},
     year = 2016,
    month = dec,
   adsurl = {https://cran.r-project.org/web/packages/BTYDplus/vignettes/BTYDplus-HowTo.pdf}
}


@ARTICLE{asos_2017,
   author = {{Chamberlain}, B.~P. and {Cardoso}, A. and {Liu}, C.~H.~B. and 
	{Pagliari}, R. and {Deisenroth}, M.~P.},
    title = "{Customer Lifetime Value Prediction Using Embeddings}",
  journal = {ArXiv e-prints},
archivePrefix = "arXiv",
   eprint = {1703.02596},
 primaryClass = "cs.LG",
 keywords = {Computer Science - Learning, Computer Science - Computers and Society, Computer Science - Information Retrieval, Computer Science - Neural and Evolutionary Computing, Statistics - Machine Learning},
     year = 2017,
    month = mar,
   adsurl = {http://adsabs.harvard.edu/abs/2017arXiv170302596C},
  adsnote = {Provided by the SAO/NASA Astrophysics Data System}
}

@article{gupta_2006,
author = {Sunil Gupta and Dominique Hanssens and Bruce Hardie and Wiliam Kahn and V. Kumar and Nathaniel Lin and Nalini Ravishanker and S. Sriram},
title ={Modeling Customer Lifetime Value},
journal = {Journal of Service Research},
volume = {9},
number = {2},
pages = {139-155},
year = {2006},
doi = {10.1177/1094670506293810},
URL = {https://doi.org/10.1177/1094670506293810},
eprint = { https://doi.org/10.1177/1094670506293810}
}


@misc{gauthier_clt_intro,
  author={Gauthier, J.-R.},
  title = {An Introduction to Predictive Customer Life Time Modeling},
  howpublished = {https://www.datascience.com/blog/intro-to-predictive-modeling-for-customer-lifetime-value}},
  note = {Blog}
}


@misc{fader_gamma_gamma,
  author={Fader, Peter S. and Hardie, Bruce G.S. },
  title = {The Gamma-Gamma Model of Monetary Value},
  howpublished = {http://www.brucehardie.com/notes/025/gamma\_gamma.pdf}
}


@article{fader_rfm_clv_2005,
author = {Fader, Peter S. and Hardie, Bruce G.S. and Lee, Ka Lok},
title = {RFM and CLV: Using Iso-Value Curves for Customer Base Analysis},
journal = {Journal of Marketing Research},
volume = {42},
number = {4},
pages = {415-430},
year = {2005},
doi = {10.1509/jmkr.2005.42.4.415},
URL = {https://doi.org/10.1509/jmkr.2005.42.4.415},
eprint = {https://doi.org/10.1509/jmkr.2005.42.4.415}
}
