@book{hyndman_forecasting_principles_2018,
title = "Forecasting: Principles and Practice",
author = "Hyndman, {Robin John} and George Athanasopoulos",
year = "2018",
language = "English",
publisher = "OTexts",
address = "Australia",
edition = "2nd",
}


@article{hyndman_forecasting_with_exponential_smoothing,
	author = {Hand, David J.},
	title = {Forecasting with Exponential Smoothing: The State Space Approach by Rob J. Hyndman, Anne B. Koehler, J. Keith Ord, Ralph D. Snyder},
	journal = {International Statistical Review},
	volume = {77},
	number = {2},
	pages = {315-316},
	doi = {10.1111/j.1751-5823.2009.00085\_17.x},
	url = {https://onlinelibrary.wiley.com/doi/abs/10.1111/j.1751-5823.2009.00085_17.x},
	eprint = {https://onlinelibrary.wiley.com/doi/pdf/10.1111/j.1751-5823.2009.00085_17.x},
	year = {2009}
}

@online{hyndman_blog_back_transform,
	author = {Hyndman, Robin John},
	title = {The forecast mean after back-transformation},
	year = 2014,
	url = {https://robjhyndman.com/hyndsight/backtransforming/},
	urldate = {2020-09-09}
}

